@Misc{iphone,
author ="Apple Corporation",
title = "iPhone user guide",
note ={\url{http://manuals.info.apple.com/en/iphone_user_guide.pdf}},
year = {2010},
}
@Misc{tech,
author ={Tech Crunchies},
title = {Tech Crunchies -- Internet statistics and numbers},
note ={\url{http://www.techcrunchies.com}},
year = {2010},
}
@Misc{avr-inst,
author ={Atmel Corporation},
title = {8-bit AVR instruction set},
note ={\url{http://www.atmel.com/dyn/resources/prod_documents/doc0856.pdf}},
year = {2009},
}
@Misc{ramsize,
author ={John Regehr},
title = {Tinyos Stack Analysis},
note ={\url{http://docs.tinyos.net/index.php/Stack_Analysis}},
year = {2009},
}


@Misc{aes,
author ={Vicent Rijmen and Joan Daemen},
title = {Advanced Encryption Standard},
note ={\url{http://en.wikipedia.org/wiki/Advanced_Encryption_Standard}},
year = {1998},
}



@Misc{mica2-power,
 author ={Crossbow},
 title = {Mica2 data sheet},
 note = {\url{http://www.xbow.com/Products/Product_pdf_files/Wireless_pdf/MICA2_Datasheet.pdf}},
 year = {2004},
}

@Misc{offsetstone,
 title = {OffsetStone Benchmark Suite},
 note = {\url{http://www.address-code-optimization.org}},
 year = {2003},
}

@Misc{
	dspstone,
 title = "D{SPS}tone Benchmark Suite",
 howpublished = "Website",
 year = {1995},
 note = {http://iss.rwth-aachen.de/Projekte/Tools/DSPSTONE}
}



@Misc{lance,
 title = {Lance Compiler},
 note = {\url{http://www.lancecompiler.com/}},
 year = {2001},
}

@Misc{bonmin,
author = {Coin-or},
title = {Nonlinear Mixed Integer Programming},
note = {\url{http://projects.coin-or.org/Bonmin.}},
year = {2006},
}

@Misc{lpsolve,
title = {LP\_solve 5.5},
author = {Berkelaar, Michel  and {\em et al.}},
year ={},
}

@Misc{micaz-power,
 author = {Crossbow},
 title = {Micaz data sheet},
 note = {\url{http://www.xbow.com/Products/Product_pdf_files/Wireless_pdf/MICAZ_Datasheet.pdf}},
year = {2004},
}

@Misc{tossim,
 title = {Tossim},
 note = {\url{http://www.eecs.berkeley.edu/~pal/research/tossim.html}},
year = {2003},
}


@misc{tinyos,
author = {},
title={TinyOS},
note ={\url{http://www.tinyos.net}},
year ={2004},
}

@Misc{crypto,
 author = {Wei Dai},
 title = {The Crypto++ Library},
 note = {\url{http://www.cryptopp.com/}},
 year = {2007},
}

@Misc{imote2,
 author = {CrossBow},
 title = {Imote2 data sheet},
 note = {\url{http://www.xbow.com/Products/Product_pdf_files/Wireless_pdf/Imote2_Datasheet.pdf}},
year = {2009},
}

@Misc{atmega128L,
 title = {ATMEL ATmega128{L} microcontroller},
 note = {\url{http://www.atmel.com/dyn/resources/prod_documents/doc2467.pdf}},
year = {2008},
}


@Misc{telos,
 author= {Crossbow},
 title = {Moteiv Telos data sheet},
 note = {\url{http://www.moteiv.com}},
year = {2004},
}


@Misc{telosb,
 author= {Crossbow},
 title = {TelosB data sheet},
 note = {\url{http://www.xbow.com/Products/Product_pdf_files/Wireless_pdf/TelosB_Datasheet.pdf}},
year = {2004},
}

@Misc{diff,
note={\url{ http://www.gnu.org/software/diffutils/}},
author={GNU},
}


@Misc{battery-energy,
	author ={Wikipedia},
 title = {Alkaline Technical Information},
 year = {2007},
 note = {\url{http://en.wikipedia.org/wiki/Battery_(electricity)}},
}

@inproceedings{power-tossim,
 author = {Shnayder, Victor and Hempstead, Mark and Chen, Bor-rong and Allen, Geoff Werner and Welsh, Matt},
 title = {Simulating the power consumption of large-scale sensor network applications},
 booktitle = {SenSys '04: Proceedings of the 2nd international conference on embedded networked sensor systems},
 year = {2004},
 isbn = {1-58113-879-2},
 pages = {188--200},
 location = {Baltimore, MD, USA},
 doi = {http://doi.acm.org/10.1145/1031495.1031518},
 publisher = {ACM},
 address = {New York, NY, USA},
 }

@inproceedings{avrora, 
title={Avrora: scalable sensor network simulation with precise timing}, 
author={Titzer, B.L. and Lee, D.K. and Palsberg, J.}, 
booktitle ={IPSN '05: Proceedings of the 4th information processing in sensor networks, 2005.}, 
year={2005}, 
month={April}, 
volume={}, 
number={}, 
pages={ 477-482}, 
keywords={ microcontrollers, parallel machines, protocols, real-time systems, software engineering, synchronisation, wireless sensor networks ATEMU, Avrora, core synchronization problem, cycle-accurate instruction-level sensor, hidden parallelism, machine code level, microcontroller program, precise timing, protocol-level issue, real-time system, software implementation, time-dependent property, wireless sensor network simulation}, 
doi={10.1109/IPSN.2005.1440978}, 
ISSN={ }, }

@book{compiler,
	address = {Boston, MA, USA},
	author = {Aho, Alfred  V.  and Sethi, Ravi   and Ullman, Jeffrey  D. },
	citeulike-article-id = {326954},
	isbn = {0201100886},
	posted-at = {2005-09-20 15:33:29},
	priority = {2},
	publisher = {Addison-Wesley Longman Publishing Co., Inc.},
	title = {Compilers: principles, techniques, and tools},
	url = {http://portal.acm.org/citation.cfm?id=6448},
	year = {1986}
}

@inproceedings{ucc,
 author = {Li, Weijia and Zhang, Youtao and Yang, Jun and Zheng, Jiang},
 title = {UCC: update-conscious compilation for energy efficiency in wireless sensor networks},
 booktitle = {PLDI '07: Proceedings of the 2007 ACM SIGPLAN conference on programming language design and implementation},
 volume = {42},
 year = {2007},
 issn = {0362-1340},
 pages = {383--393},
 doi = {http://doi.acm.org/10.1145/1273442.1250778},
 publisher = {ACM},
 address = {San Diego, CA, USA},
 }


@inproceedings{mcp,
	author = {Li, Weijia and Zhang, Youtao and Childers, Bruce}, 
	title = {MCP: an energy-efficient code distribution protocol for multi-application WSNs}, 
	booktitle = {DCOSS '09: Proceedings of the 5th IEEE international conference on distributed computing in sensor Systems}, 
	year = {2009}, isbn = {978-3-642-02084-1}, pages = {259--272}, 
	location = {Marina del Rey, CA, USA}, 
	doi = {http://dx.doi.org/10.1007/978-3-642-02085-8_19}, 
	publisher = {Springer-Verlag}, address = {Berlin, Heidelberg}, 
} 


@inproceedings{buffer,
 author = {Li, Weijia and Du, Yu and Zhang, Youtao and Childers, Bruce and Zhou, Ping and Yang, Jun},
 title = {Adaptive buffer management for efficient code dissemination in multi-application wireless sensor networks},
 booktitle = {EUC '08: Proceedings of the 2008 IEEE/IFIP international conference on embedded and ubiquitous computing},
 year = {2008},
 isbn = {978-0-7695-3492-3},
 pages = {295--301},
 doi = {http://dx.doi.org/10.1109/EUC.2008.160},
 publisher = {IEEE Computer Society},
 address = {Washington, DC, USA},
 }



@inproceedings{related:graph-color-priority,
 author = {Chow, Frederick and Hennessy, John},
 title = {Register allocation by priority-based coloring},
 booktitle = {Proceedings of the SIGPLAN '84 symposium on compiler construction},
 volume = {19},
 year = {1984},
 issn = {0362-1340},
 pages = {222--232},
 doi = {http://doi.acm.org/10.1145/502949.502896},
 publisher = {ACM},
 address = {Montreal, Canada},
 }
@article{related:graph-color-iterated,
 author = {George, Lal and Appel, Andrew W.},
 title = {Iterated register coalescing},
 journal = {TOPLAS' 96: ACM transactions on program languages and systems},
 volume = {18},
 number = {3},
 year = {1996},
 issn = {0164-0925},
 pages = {300--324},
 doi = {http://doi.acm.org/10.1145/229542.229546},
 publisher = {ACM},
 address = {New York, NY, USA},
 }

@article{related:graph-color-improvements,
 author = {Briggs, Preston and Cooper, Keith D. and Torczon, Linda},
 title = {Improvements to graph coloring register allocation},
 journal  = {TOPLAS' 94: ACM transactions on program languages and systems},
 volume = {16},
 number = {3},
 year = {1994},
 issn = {0164-0925},
 pages = {428--455},
 doi = {http://doi.acm.org/10.1145/177492.177575},
 publisher = {ACM},
 address = {New York, NY, USA},
 }

@article{related:graph-color,
 author = {Chaitin, G.J. and Auslander, M.A. and Chandra, A.K. and Cocke, J. and Hopkins, M.E. and Markstein, P.W.},
 title = {Register allocation via coloring},
 journal = {Computer languages},
 volume = {6},
 year = {1981},
 pages = {47--57},
 }

@inproceedings{related:linear-scan-fast,
 author = {Traub, Omri and Holloway, Glenn and Smith, Michael D.},
 title = {Quality and speed in linear-scan register allocation},
 booktitle = {PLDI '98: Proceedings of the ACM SIGPLAN 1998 conference on Programming language design and implementation},
 year = {1998},
 isbn = {0-89791-987-4},
 pages = {142--151},
 location = {Montreal, Quebec, Canada},
 doi = {http://doi.acm.org/10.1145/277650.277714},
 publisher = {ACM},
 address = {New York, NY, USA},
 }

@article{related:linear-scan,
 author = {Poletto, Massimiliano and Sarkar, Vivek},
 title = {Linear scan register allocation},
 journal = {TOPLAS' 99: ACM transactions on program languages and systems},
 volume = {21},
 number = {5},
 year = {1999},
 issn = {0164-0925},
 pages = {895--913},
 doi = {http://doi.acm.org/10.1145/330249.330250},
 publisher = {ACM},
 address = {New York, NY, USA},
 }

@article{related:ilp,
 author = {Goodwin, David W. and Wilken, Kent D.},
 title = {Optimal and near-optimal global register allocations using 0--1 integer programming},
 journal = {Software--practice and experience},
 volume = {26},
 number = {8},
 year = {1996},
 issn = {0038-0644},
 pages = {929--965},
 doi = {http://dx.doi.org/10.1002/(SICI)1097-024X(199608)26:8<929::AID-SPE40>3.3.CO;2-K},
 publisher = {John Wiley \& Sons, Inc.},
 address = {New York, NY, USA},
 }
@inproceedings{related:ilp-progressive,
 author = {Koes, David Ryan and Goldstein, Seth Copen},
 title = {A global progressive register allocator},
 booktitle = {PLDI '06: Proceedings of the 2006 ACM SIGPLAN conference on programming language design and implementation},
 year = {2006},
 isbn = {1-59593-320-4},
 pages = {204--215},
 location = {Ottawa, Ontario, Canada},
 doi = {http://doi.acm.org/10.1145/1133981.1134006},
 publisher = {ACM},
 address = {New York, NY, USA},
 }

@INPROCEEDINGS{related:ilp-cisc,
    author = {Andrew W. Appel and Lal George},
    title = {Optimal spilling for CISC machines with few registers},
    booktitle = {PLDI' 00: Proceedings of the ACM SIGPLAN 2001 conference on programming language design and implementation},
    year = {2000},
    pages = {243--253},
    publisher = {ACM Press}
}

@article{related:ilp-compression,
 author = {Naik, Mayur and Palsberg, Jens},
 title = {Compiling with code-size constraints},
 journal = {TECS' 04: ACM Transactions on embedded computing systems 
},
 volume = {3},
 number = {1},
 year = {2004},
 issn = {1539-9087},
 pages = {163--181},
 doi = {http://doi.acm.org/10.1145/972627.972635},
 publisher = {ACM},
 address = {New York, NY, USA},
 }

@article{related:ira,
 author = {Bivens, Mary P. and Soffa, Mary Lou},
 title = {Incremental register reallocation},
 journal = {Software -- practice and experience},
 volume = {20},
 number = {10},
 year = {1990},
 issn = {0038-0644},
 pages = {1015--1047},
 doi = {http://dx.doi.org/10.1002/spe.4380201005},
 publisher = {John Wiley \& Sons, Inc.},
 address = {New York, NY, USA},
 }

@inproceedings{related:ilp-fast,
 author = {Fu, Changqing and Wilken, Kent},
 title = {A faster optimal register allocator},
 booktitle = {MICRO '35: Proceedings of the 35th annual ACM/IEEE international symposium on microarchitecture},
 year = {2002},
 isbn = {0-7695-1859-1},
 pages = {245--256},
 location = {Istanbul, Turkey},
 publisher = {IEEE Computer Society Press},
 address = {Los Alamitos, CA, USA},
 }

@masterthesis{related:procedural-abstraction,
    author = {Examensarbete Dv and Johan Runeson},
    title = {Code Compression through procedural abstraction before register allocation},
    year = {2000}
}

@inproceedings{related:register-reassignment,
 author = {Ros, Montserrat and Sutton, Peter},
 title = {A post-compilation register reassignment technique for improving hamming distance code compression},
 booktitle = {CASES '05: Proceedings of the 2005 international conference on compilers, architectures and synthesis for embedded systems},
 year = {2005},
 isbn = {1-59593-149-X},
 pages = {97--104},
 location = {San Francisco, California, USA},
 doi = {http://doi.acm.org/10.1145/1086297.1086311},
 publisher = {ACM},
 address = {New York, NY, USA},
 }

@article{related:liao,
 author = {Liao, Stan and Devadas, Srinivas and Keutzer, Kurt and Tjiang, Steven and Wang, Albert},
 title = {Storage assignment to decrease code size
},
 journal = {TOPLAS' 96: ACM transactions on programming languages and systems},
 volume = {18},
 number = {3},
 year = {1996},
 issn = {0164-0925},
 pages = {235--253},
 doi = {http://doi.acm.org/10.1145/229542.229543},
 publisher = {ACM},
 address = {New York, NY, USA},
 }

@article{related:bartley,
 author = {Bartley, David H.},
 title = {Optimizing stack frame accesses for processors with restricted addressing modes},
 journal = {Software -- practice and Experience},
 volume = {22},
 number = {2},
 year = {1992},
 issn = {0038-0644},
 pages = {101--110},
 doi = {http://dx.doi.org/10.1002/spe.4380220202},
 publisher = {John Wiley \& Sons, Inc.},
 address = {New York, NY, USA},
 }

@book{related:dsp,
 author = {Lapsley, Phil and Bier, Jeff and Lee, Edward A. and Shoham, Amit},
 title = {DSP Processor fundamentals: architectures and features},
 year = {1996},
 isbn = {0780334051},
 publisher = {Wiley-IEEE Press},
 }
@inproceedings{related:atri,
 author = {Atri, Sunil and Ramanujam, J. and Kandemir, Mahmut T.},
 title = {Improving offset assignment on embedded processors using transformations},
 booktitle = {HiPC '00: Proceedings of the 7th international conference on high performance computing},
 year = {2000},
 isbn = {3-540-41429-0},
 pages = {367--374},
 publisher = {Springer-Verlag},
 address = {London, UK},
 }

@inproceedings{related:choi,
 author = {Choi, Yoonseo and Kim, Taewhan},
 title = {Address assignment combined with scheduling in DSP code generation},
 booktitle = {DAC '02: Proceedings of the 39th conference on design automation},
 year = {2002},
 isbn = {1-58113-461-4},
 pages = {225--230},
 location = {New Orleans, Louisiana, USA},
 doi = {http://doi.acm.org/10.1145/513918.513975},
 publisher = {ACM},
 address = {New York, NY, USA},
 }

@inproceedings{related:leupers-1996,
 author = {Leupers, Rainer and Marwedel, Peter},
 title = {Algorithms for address assignment in DSP code generation},
 booktitle = {ICCAD '96: Proceedings of the 1996 IEEE/ACM international conference on computer-aided design},
 year = {1996},
 isbn = {0-8186-7597-7},
 pages = {109--112},
 location = {San Jose, California, United States},
 publisher = {IEEE Computer Society},
 address = {Washington, DC, USA},
 }

@inproceedings{related:leupers-1998,
 author = {Leupers, Rainer and David, Fabian},
 title = {A uniform optimization technique for offset assignment problems},
 booktitle = {ISSS '98: Proceedings of the 11th international symposium on System synthesis},
 year = {1998},
 isbn = {0-8186-8623-5},
 pages = {3--8},
 location = {Hsinchu, Taiwan, China},
 publisher = {IEEE Computer Society},
 address = {Washington, DC, USA},
 }

@article{related:ottoni,
 author = {Ottoni, Desiree and Ottoni, Guilherme and Araujo, Guido and Leupers, Rainer},
 title = {Offset assignment using simultaneous variable coalescing},
 journal = {TECS' 06: ACM Transactions on Embedded Computing Systems},
 volume = {5},
 number = {4},
 year = {2006},
 issn = {1539-9087},
 pages = {864--883},
 doi = {http://doi.acm.org/10.1145/1196636.1196641},
 publisher = {ACM},
 address = {New York, NY, USA},
 }

@inproceedings{related:rao,
 author = {Rao, Amit and Pande, Santosh},
 title = {Storage assignment optimizations to generate compact and efficient code on embedded DSPs},
 booktitle = {PLDI '99: Proceedings of the ACM SIGPLAN 1999 conference on Programming language design and implementation},
 year = {1999},
 isbn = {1-58113-094-5},
 pages = {128--138},
 location = {Atlanta, Georgia, United States},
 doi = {http://doi.acm.org/10.1145/301618.301653},
 publisher = {ACM},
 address = {New York, NY, USA},
 }

@inproceedings{related:sudarsanam,
 author = {Sudarsanam, Ashok and Liao, Stan and Devadas, Srinivas},
 title = {Analysis and evaluation of address arithmetic capabilities in custom DSP architectures},
 booktitle = {DAC '97: Proceedings of the 34th annual conference on Design automation},
 year = {1997},
 isbn = {0-89791-920-3},
 pages = {287--292},
 location = {Anaheim, California, United States},
 doi = {http://doi.acm.org/10.1145/266021.266103},
 publisher = {ACM},
 address = {New York, NY, USA},
 }

@article{related:zhuang,
 author = {Zhuang, Xiaotong and Lau, ChokSheak and Pande, Santosh},
 title = {Storage assignment optimizations through variable coalescence for embedded processors},
 journal = {LCTES' 03: Proceedings of the 2003 ACM SIGPLAN conference on language, compiler, and tool support for embedded systems 
},
 volume = {38},
 number = {7},
 year = {2003},
 issn = {0362-1340},
 pages = {220--231},
 doi = {http://doi.acm.org/10.1145/780731.780763},
 publisher = {ACM},
 address = {New York, NY, USA},
 }

@article{related:barr-energy,
 author = {Barr, Kenneth C. and Asanovi\'{c}, Krste},
 title = {Energy-aware lossless data compression},
 journal = {TOCS' 06: ACM Transactions on Computer Systems
},
 volume = {24},
 number = {3},
 year = {2006},
 issn = {0734-2071},
 pages = {250--291},
 doi = {http://doi.acm.org/10.1145/1151690.1151692},
 publisher = {ACM},
 address = {New York, NY, USA},
 }

@inproceedings{related:script,
 author = {Reijers, Niels and Langendoen, Koen},
 title = {Efficient code distribution in wireless sensor networks},
 booktitle = {WSNA '03: Proceedings of the 2nd ACM international conference on wireless sensor networks and applications},
 year = {2003},
 isbn = {1-58113-764-8},
 pages = {60--67},
 location = {San Diego, CA, USA},
 doi = {http://doi.acm.org/10.1145/941350.941359},
 publisher = {ACM},
 address = {New York, NY, USA},
 }

@INPROCEEDINGS{related:jeong-script, 
title={Incremental network programming for wireless sensors}, 
author={Jaein Jeong and Culler, D.}, 
booktitle={SECON' 04: Proceedings of sensor and ad hoc communications and networks}, 
year={2004}, 
month={Oct.}, 
volume={}, 
number={}, 
pages={ 25-33}, 
keywords={ decoding, digital differential analysers, wireless sensor networks Rsync algorithm, incremental network programming, multihop network programming, program code structure, wireless sensors}, 
doi={10.1109/SAHCN.2004.1381899}, 
ISSN={ }, }

@INPROCEEDINGS{related:flexcup,
    author = {Pedro Jos� Marr�n and Matthias Gauger and Andreas Lachenmann and Daniel Minder and Olga Saukh and Kurt Rothermel},
    title = {FlexCup: A Flexible and Efficient Code Update Mechanism for Sensor Networks},
    booktitle = {EWSN' 06: Proceedings of the 3rd european workshop on wireless sensor networks},
    year = {2006},
    pages = {212--227}
}

@InProceedings{related:dynamic1,
   address = {New York, NY, USA},
	author = {Dunkels, Adam   and Finne, Niclas   and Eriksson, Joakim   and Voigt, Thiemo  },
	booktitle = {SenSys '06: Proceedings of the 4th international conference on embedded networked sensor systems},
	citeulike-article-id = {2931045},
	doi = {http://doi.acm.org/10.1145/1182807.1182810},
	keywords = {os},
	pages = {15--28},
	posted-at = {2008-06-26 13:42:27},
	priority = {2},
	publisher = {ACM},
	title = {Run-time dynamic linking for reprogramming wireless sensor networks},
	url = {http://dx.doi.org/http://doi.acm.org/10.1145/1182807.1182810},
	year = {2006},
}

@INPROCEEDINGS{related:dynamic2,
title={Remote incremental linking for energy-efficient reprogramming of sensor networks},
author={Koshy, J. and Pandey, R.},
booktitle={Proceeedings of the 2nd European workshop on wireless sensor networks},
year={2005},
month={Jan.-2 Feb.},
volume={},
number={},
pages={ 354-365},
keywords={ energy resources, network operating systems, telecommunication links, wireless sensor networks base station, binary image transmission, computing resource, energy resource, energy-efficient reprogramming, network service, prelinked software module, system software, time period, wireless sensor network},
doi={10.1109/EWSN.2005.1462027},
ISSN={}, }



@inproceedings{trickle,
 author = {Levis, Philip and Patel, Neil and Culler, David and Shenker, Scott},
 title = {Trickle: a self-regulating algorithm for code propagation and maintenance in wireless sensor networks},
 booktitle = {NSDI'04: Proceedings of the 1st conference on symposium on networked systems design and implementation},
 year = {2004},
 pages = {2--2},
 location = {San Francisco, California},
 publisher = {USENIX Association},
 address = {Berkeley, CA, USA},
 }
@inproceedings{melete,
 author = {Yu, Yang and Rittle, Loren J. and Bhandari, Vartika and LeBrun, Jason B.},
 title = {Supporting concurrent applications in wireless sensor networks},
 booktitle = {SenSys '06: Proceedings of the 4th international conference on embedded networked sensor systems},
 year = {2006},
 isbn = {1-59593-343-3},
 pages = {139--152},
 location = {Boulder, Colorado, USA},
 doi = {http://doi.acm.org/10.1145/1182807.1182822},
 publisher = {ACM},
 address = {New York, NY, USA},
 }
@inproceedings{deluge,
 author = {Hui, Jonathan W. and Culler, David},
 title = {The dynamic behavior of a data dissemination protocol for network programming at scale},
 booktitle = {SenSys '04: Proceedings of the 2nd international conference on eEmbedded networked sensor systems},
 year = {2004},
 isbn = {1-58113-879-2},
 pages = {81--94},
 location = {Baltimore, MD, USA},
 doi = {http://doi.acm.org/10.1145/1031495.1031506},
 publisher = {ACM},
 address = {New York, NY, USA},
 }
@inproceedings{mnp,
 author = {Wang, Limin},
 title = {MNP: multihop network reprogramming service for sensor networks},
 booktitle = {SenSys '04: Proceedings of the 2nd international conference on embedded networked sensor systems},
 year = {2004},
 isbn = {1-58113-879-2},
 pages = {285--286},
 location = {Baltimore, MD, USA},
 doi = {http://doi.acm.org/10.1145/1031495.1031538},
 publisher = {ACM},
 address = {New York, NY, USA},
 }

@inproceedings{spin,
 author = {Heinzelman, Wendi Rabiner and Kulik, Joanna and Balakrishnan, Hari},
 title = {Adaptive protocols for information dissemination in wireless sensor networks},
 booktitle = {MobiCom '99: Proceedings of the 5th annual ACM/IEEE international conference on mobile computing and networking},
 year = {1999},
 isbn = {1-58113-142-9},
 pages = {174--185},
 location = {Seattle, Washington, United States},
 doi = {http://doi.acm.org/10.1145/313451.313529},
 publisher = {ACM},
 address = {New York, NY, USA},
 }

@INPROCEEDINGS{stream, 
title={Stream: Low Overhead Wireless Reprogramming for Sensor Networks}, 
author={Panta, R.K. and Khalil, I. and Bagchi, S.}, 
booktitle={INFOCOM' 07: Proceedings of the 26th IEEE international conference on computer communications.}, 
year={2007}, 
month={May}, 
volume={}, 
number={}, 
pages={928-936}, 
keywords={protocols, wireless sensor networksDeluge protocol, Mica2 sensor node, Stream protocol, wireless sensor network reprogramming protocol}, 
doi={10.1109/INFCOM.2007.113}, 
ISSN={0743-166X}, }


@inproceedings{mate,
 author = {Levis, Philip and Culler, David},
 title = {Mat\'{e}: a tiny virtual machine for sensor networks},
 booktitle = {ASPLOS-X: Proceedings of the 10th international conference on architectural support for programming languages and operating systems},
 year = {2002},
 isbn = {1-58113-574-2},
 pages = {85--95},
 location = {San Jose, California},
 doi = {http://doi.acm.org/10.1145/605397.605407},
 publisher = {ACM},
 address = {New York, NY, USA},
 }


@article{multimedia,
 author = {Akyildiz, Ian F. and Melodia, Tommaso and Chowdhury, Kaushik R.},
 title = {A survey on wireless multimedia sensor networks},
 journal = {Computer Networks},
 volume = {51},
 number = {4},
 year = {2007},
 issn = {1389-1286},
 pages = {921--960},
 doi = {http://dx.doi.org/10.1016/j.comnet.2006.10.002},
 publisher = {Elsevier North-Holland, Inc.},
 address = {New York, NY, USA},
 }

@inproceedings{irisnet,
 author = {Campbell, Jason and Gibbons, Phillip B. and Nath, Suman and Pillai, Padmanabhan and Seshan, Srinivasan and Sukthankar, Rahul},
 title = {IrisNet: an internet-scale architecture for multimedia sensors},
 booktitle = {MULTIMEDIA '05: Proceedings of the 13th annual ACM international conference on multimedia},
 year = {2005},
 isbn = {1-59593-044-2},
 pages = {81--88},
 location = {Hilton, Singapore},
 doi = {http://doi.acm.org/10.1145/1101149.1101162},
 publisher = {ACM},
 address = {New York, NY, USA},
 }

@INPROCEEDINGS{ma-wsns,
title={Towards multi-purpose wireless sensor networks},
author={Steffan, J. and Fiege, L. and Cilia, M. and Buchmann, A.},
booktitle={Proceedings of the 2005 systems communications},
year={2005},
month={Aug.},
volume={},
number={},
pages={ 336-341},
keywords={ wireless sensor networks flexible modular architecture, multi-purpose wireless sensor networks, multiple concurrent applications, network-wide node subsets, sensor nodes},
doi={10.1109/ICW.2005.77},
ISSN={}, }


@inproceedings{dlink,
 author = {Dunkels, Adam and Finne, Niclas and Eriksson, Joakim and Voigt, Thiemo},
 title = {Run-time dynamic linking for reprogramming wireless sensor networks},
 booktitle = {SenSys '06: Proceedings of the 4th international conference on embedded networked sensor systems},
 year = {2006},
 isbn = {1-59593-343-3},
 pages = {15--28},
 location = {Boulder, Colorado, USA},
 doi = {http://doi.acm.org/10.1145/1182807.1182810},
 publisher = {ACM},
 address = {New York, NY, USA},
 }


@INPROCEEDINGS{sluice,
title={Sluice: secure dissemination of code updates in sensor networks},
author={ Lanigan, P.E. and Gandhi, R. and Narasimhan, P.},
booktitle={ICDCS' 06: Proceedings of the 26th IEEE international conference on distributed computing Systems},
year={2006},
month={},
volume={},
number={},
pages={ 53-53},
doi={10.1109/ICDCS.2006.77},
ISSN={1063-6927}, }


@inproceedings{secDiss1,
 author = {Dutta, Prabal K. and Hui, Jonathan W. and Chu, David C. and Culler, David E.},
 title = {Securing the deluge Network programming system},
 booktitle = {IPSN '06: Proceedings of the 5th international conference on information processing in sensor networks},
 year = {2006},
 isbn = {1-59593-334-4},
 pages = {326--333},
 location = {Nashville, Tennessee, USA},
 doi = {http://doi.acm.org/10.1145/1127777.1127826},
 publisher = {ACM},
 address = {New York, NY, USA},
 }

@article{groute,
    author = {Maurice Chu and Horst Haussecker and Feng Zhao},
    title = {Scalable Information-Driven Sensor Querying and Routing for ad hoc Heterogeneous Sensor Networks},
    journal = {International Journal on High Performance Computing Applications},
	volume = {16},
      number = {3},
	pages = {90-110},
	year = {2002}
}


@article{flink,
 author = {von Platen, Carl and Eker, Johan},
 title = {Feedback linking: optimizing object code layout for updates},
 journal = {LCTES' 06: Proceedings of conference on languages, compilers, and tools for embedded systems 
},
 volume = {41},
 number = {7},
 year = {2006},
 issn = {0362-1340},
 pages = {2--11},
 doi = {http://doi.acm.org/10.1145/1159974.1134653},
 publisher = {ACM},
 address = {New York, NY, USA},
 }


@inproceedings{hamming-compress,
 author = {Ros, Montserrat and Sutton, Peter},
 title = {A hamming distance based VLIW/EPIC code compression technique},
 booktitle = {CASES '04: Proceedings of the 2004 international conference on compilers, architecture, and synthesis for embedded systems},
 year = {2004},
 isbn = {1-58113-890-3},
 pages = {132--139},
 location = {Washington DC, USA},
 doi = {http://doi.acm.org/10.1145/1023833.1023853},
 publisher = {ACM},
 address = {New York, NY, USA},
 }
 
 
 @article{tree-match,
 author = {Balachandran, A. and Dhamdhere, D. M. and Biswas, S.},
 title = {Efficient retargetable code generation using bottom-up tree pattern matching},
 journal = {Computer Languages},
 volume = {15},
 number = {3},
 year = {1990},
 issn = {0096-0551},
 pages = {127--140},
 doi = {http://dx.doi.org/10.1016/0096-0551(90)90006-B},
 publisher = {Pergamon Press, Inc.},
 address = {Tarrytown, NY, USA},
 }


@inproceedings{dag,
 author = {Ertl, M. Anton},
 title = {Optimal code selection in DAGs},
 booktitle = {POPL '99: Proceedings of the 26th ACM SIGPLAN-SIGACT symposium on principles of programming languages},
 year = {1999},
 isbn = {1-58113-095-3},
 pages = {242--249},
 location = {San Antonio, Texas, United States},
 doi = {http://doi.acm.org/10.1145/292540.292562},
 publisher = {ACM},
 address = {New York, NY, USA},
 }

@inproceedings{moterevolution,
author = {Polastre, J. and Szewczyk, R. and Sharp, C. and Culler, D.},
title = {The mote revolution: Low power wireless sensor network devices},
booktitle= {Hot Chips 16: A symposium on high performance chips},
year={2004},}

@inproceedings{pbqp1,
 author = {Eckstein, Erick and Konig, Oliver and Scholz, Bernhard},
 title = {Code instruction selection based on SSA-Graphs},
 booktitle = {Software and compilers for embedded Systems},
 year = {2003},
 isbn = {978-3-540-20145-8},
 pages = {49--65},
 publisher = {Springer Berlin / Heidelberg}, }
 
 
 @article{pbqp2,
 author = {Ebner, Dietmar and Brandner, Florian and Scholz, Bernhard and Krall, Andreas and Wiedermann, Peter and Kadlec, Albrecht},
 title = {Generalized instruction selection using SSA-graphs},
 journal = {LCTES' 08: Proceedings of conference on languages, compilers, and tools for embedded systems },
 volume = {43},
 number = {7},
 year = {2008},
 issn = {0362-1340},
 pages = {31--40},
 doi = {http://doi.acm.org/10.1145/1379023.1375663},
 publisher = {ACM},
 address = {New York, NY, USA},
 }



@unpublished{icsoa,
author = {Weijia Li and Youtao Zhang},
institution = {Department of Computer Science, University of Pittsburgh},
title = {Update-Conscious Offset Assignment for DSP Applications
in Mobile Embedded Systems},
year = {2009},
}

@article{ssa,
 author = {Gerlek, Michael P. and Stoltz, Eric and Wolfe, Michael},
 title = {Beyond induction variables: detecting and classifying sequences using a demand-driven SSA form},
 journal = {TOPLAS' 95: ACM transactions on program languages and systems},
 volume = {17},
 number = {1},
 year = {1995},
 issn = {0164-0925},
 pages = {85--122},
 doi = {http://doi.acm.org/10.1145/200994.201003},
 publisher = {ACM},
 address = {New York, NY, USA},
 }


@inproceedings{mapping,
 author = {Jaramillo, C. and Gupta, R. and Soffa, M. L.},
 title = {Capturing the Effects of Code Improving Transformations},
 booktitle = {PACT '98: Proceedings of the 1998 International Conference on Parallel Architectures and Compilation Techniques},
 year = {1998},
 isbn = {0-8186-8591-3},
 pages = {118},
 publisher = {IEEE Computer Society},
 address = {Washington, DC, USA},
 }


